@ARTICLE{zhuangweihua, 
author={H. Liang and W. Zhuang}, 
journal={IEEE Journal on Selected Areas in Communications}, 
title={Efficient On-Demand Data Service Delivery to High-Speed Trains in Cellular/Infostation Integrated Networks}, 
year={2012}, 
volume={30}, 
number={4}, 
pages={780-791}, 
}

@ARTICLE{380km, 
author={Y. Dong and P. Fan and K. B. Letaief}, 
journal={IEEE Transactions on Vehicular Technology}, 
title={High-Speed Railway Wireless Communications: Efficiency Versus Fairness}, 
year={2014}, 
volume={63}, 
number={2}, 
pages={925-930}, 
}