@article{lohmar2013delivering,
  title={Delivering content with LTE Broadcast},
  author={Lohmar, THORSTEN and Slssingar, MICHAEL and Kenehan, VERA and Puustinen, STIG},
  journal={Ericsson Review},
  volume={1},
  number={11},
  year={2013}
}
@inproceedings{bao2012energy,
  title={An energy-efficient client pre-caching scheme with wireless multicast for video-on-demand services},
  author={Bao, Yanan and Wang, Xiaolei and Zhou, Sheng and Niu, Zhisheng},
  booktitle={Communications (APCC), 2012 18th Asia-Pacific Conference on},
  pages={566--571},
  year={2012},
  organization={IEEE}
}
@incollection{stamos2008caching,
  title={Caching techniques on CDN simulated frameworks},
  author={Stamos, Konstantinos and Pallis, George and Vakali, Athena},
  booktitle={Content Delivery Networks},
  pages={127--153},
  year={2008},
  publisher={Springer}
}
@inproceedings{khan2011user,
  title={User utility function as quality of experience (qoe)},
  author={Khan, Manzoor Ahmed and Toseef, Umar},
  booktitle={Proceedings of the ICN},
  volume={11},
  pages={99--104},
  year={2011},
  organization={Citeseer}
}
@inproceedings{cha2007tube,
  title={I tube, you tube, everybody tubes: analyzing the world's largest user generated content video system},
  author={Cha, Meeyoung and Kwak, Haewoon and Rodriguez, Pablo and Ahn, Yong-Yeol and Moon, Sue},
  booktitle={Proceedings of the 7th ACM SIGCOMM conference on Internet measurement},
  pages={1--14},
  year={2007},
  organization={ACM}
}
@article{wang2014push,
  title={Push-based wireless converged networks for massive multimedia content delivery},
  author={Wang, Kongtao and Chen, Zhiyong and Liu, Hui},
  journal={Wireless Communications, IEEE Transactions on},
  volume={13},
  number={5},
  pages={2894--2905},
  year={2014},
  publisher={IEEE}
}
@article{peng2015backhaul,
  title={Backhaul-Aware Caching Placement for Wireless Networks},
  author={Peng, Xi and Shen, Juei-Chin and Zhang, Jun and Letaief, Khaled B},
  journal={arXiv preprint arXiv:1509.00558},
  year={2015}
}
@misc{TP-toolbox-web,
   author = {Cisco},
   title = {Cisco Visual Networking Index: Global Mobile Data Traffic Forecast 2014-2019}, 
   howpublished = {\url{[Online].  Available: http://www.cisco.com/c/en/us/solutions/collateral/service-provider/visual-networking-index-vni/vni-forecast-qa.pdf}},
}
@article{ahlehagh2014video,
  title={Video-aware scheduling and caching in the radio access network},
  author={Ahlehagh, Hasti and Dey, Sujit},
  journal={IEEE/ACM Transactions on Networking (TON)},
  volume={22},
  number={5},
  pages={1444--1462},
  year={2014},
  publisher={IEEE Press}
}
@article{kumar2014cache,
  title={Cache Replacement Algorithms for Coordinated Cooperative Social Wireless Networks},
  author={Kumar, Mr V Ravi and Swati, Mrs M},
  year={2014}
}

@article{bastug2014living,
  title={Living on the edge: The role of proactive caching in 5g wireless networks},
  author={Bastug, Ejder and Bennis, Mehdi and Debbah, M{\'e}rouane},
  journal={Communications Magazine, IEEE},
  volume={52},
  number={8},
  pages={82--89},
  year={2014},
  publisher={IEEE}
}